Untuk setiap referensi, baris pertama (Newton1687) merupakan label dan baris-baris berikutnya
merupakan atribut dari referensi yang akan digunakan. Umumnya, format referensi berikut sudah
disediakan oleh penyedia sumber referensi secara online dan bisa langsung digunakan di sini.

Lihat https://www.bibtex.com/g/bibtex-format/ untuk informasi lebih lanjut mengenai format
BibTex yang digunakan pada file ini.

@misc{telkomuniversity,
  author       = {Robb Jones},
  title        = {IP Addressing and Subnetting Workbook},
  year         = {2014},
  url          = {https://dce.telkomuniversity.ac.id/wp-content/uploads/2014/09/49445184-IP-Addressing-and-Subnetting-Workbook-Instructors-Version-1-5.pdf},
  note         = {Diakses pada 9 Mei 2025}
}